@article{huangsoftware,
  title={Software Crash Analysis for Automatic Exploit Generation on Binary Programs},
  author={Huang, S-K and Huang, M-H and Huang, P-Y and Lu, H-L and Lai, C-W},
  publisher={IEEE}
}

@article{chipounov2011s2e,
  title={S2E: A platform for in-vivo multi-path analysis of software systems},
  author={Chipounov, Vitaly and Kuznetsov, Volodymyr and Candea, George},
  journal={ACM SIGARCH Computer Architecture News},
  volume={39},
  number={1},
  pages={265--278},
  year={2011},
  publisher={ACM}
}

@inproceedings{enck2010taintdroid,
  title={TaintDroid: An Information-Flow Tracking System for Realtime Privacy Monitoring on Smartphones.},
  author={Enck, William and Gilbert, Peter and Chun, Byung-Gon and Cox, Landon P and Jung, Jaeyeon and McDaniel, Patrick and Sheth, Anmol},
  booktitle={OSDI},
  volume={10},
  pages={1--6},
  year={2010}
}
